2193 3669
735 98 1362 157 Ennomon-um.
1737 98 1840 170 47

224 298 229 305 .
323 217 1098 299 Praetereafettiliffimi
1117 217 1527 320 Scriptores
1541 210 1667 307 illi,
1683 214 1842 315 quo

227 335 456 437 magis
472 359 611 436 per
638 357 768 411 ota
799 332 1122 411 volitent
1145 330 1609 408 eruditorum
1625 380 1651 420 ‚
1678 326 1845 403 nul-

227 453 377 533 lam
392 452 608 531 facile
624 452 1335 532 lucubratiunculam
1349 472 1476 528 aut
1492 445 1847 525 declama-

229 569 644 653 tiunculam
661 570 1015 647 emittunt
1027 624 1051 665 ‚
1076 569 1261 674 quin
1277 563 1707 645 excellentis
1722 586 1851 640 cu·

231 687 525 800 jusdam
569 684 739 767 Viri
783 713 1070 767 nomen
1131 707 1567 793 praeponant
1596 736 1623 777 ‚
1704 682 1852 762 five

232 806 456 910 quod
468 806 733 887 famam
750 858 775 900 ,
811 833 1033 911 quam
1063 803 1456 885 avidiffime
1485 827 1850 905 aucupan-

235 941 406 1013 tur,
465 919 770 1001 illorum
811 915 1466 997 commendatione
1493 913 1851 1018 consequi

234 1032 314 1112 se
367 1031 573 1137 poffe
606 1032 934 1138 sperent,
1003 1030 1150 1111 five
1165 1031 1379 1134 quod
1397 1086 1419 1123 ‚
1488 1053 1573 1108 ut
1588 1032 1848 1134 Apion
1862 1049 2079 1108 mima.

239 1149 630 1251 quondam
659 1151 1204 1230 Grammaticus
1217 1202 1241 1241 ‚
1299 1172 1524 1248 quem
1553 1148 1848 1227 Tiberi.
1865 1122 2007 1257 {3²02
2026 1124 2070 1172 ¹·

238 1286 335 1345 us
351 1265 585 1343 Caesar
615 1242 1006 1366 cymbalum
1034 1262 1281 1341 mundi
1297 1265 1652 1354 vocabat,
1713 1267 1853 1344 im-

238 1379 677 1461 mortalitati
710 1380 1035 1459 donaria
1061 1378 1134 1457 se
1163 1378 1502 1472 credant,
1544 1381 1633 1456 ad
1658 1405 1854 1481 quos

241 1493 531 1599 aliquid
547 1492 1152 1600 composuerunt.
1244 1494 1352 1571 Hi
1367 1491 1532 1572 sunt
1545 1494 1649 1572 illi
1665 1520 1854 1673 ,(1ξέ
1961 1538 1966 1547 f

245 1711 421 1777 nebat
432 1713 466 1782 ,⁸
487 1725 745 1775 aternum
773 1709 1028 1775 vanitatis
1059 1707 1161 1768 suae
1192 1729 1606 1775 mouumentum
1636 1718 1861 1795 posteris
1955 1722 1966 1727 ‘

153 1822 169 1842 ⁸
246 1799 553 1863 telicfflxrusu
595 1796 795 1851 Entret.
811 1795 873 1851 de
890 1794 1101 1857 Βαίας.
1110 1812 1162 1871 p.
1187 1804 1274 1862 88.
1318 1798 1604 1862 1..GA1,1,.

333 1875 877 1959 Nomenpraeponant]
904 1881 1126 1936 Novum
1136 1875 1302 1937 hodie
1314 1897 1481 1955 genus
1504 1880 1856 1940 inclarescen-

249 1968 314 2028 di
330 1964 559 2027 invaluit
573 2001 592 2034 ,
619 1980 712 2036 per
725 1962 1005 2040 epistolam
1017 1980 1209 2037 nempe
1224 1983 1260 2022 a
1277 1964 1409 2020 Viro
1421 1968 1600 2039 magni
1617 1967 1861 2028 nominis

247 2049 398 2112 libro
413 2042 743 2126 praemissam.
819 2046 1138 2118 Cujusmodi
1153 2045 1434 2105 hominem
1461 2047 1624 2124 digne
1644 2069 1759 2108 non
1779 2052 1857 2110 ita

251 2134 464 2216 pridem
481 2129 689 2204 excepit
707 2128 801 2187 vir
817 2128 1035 2205 quidam
1053 2126 1422 2187 celeberrimus
1437 2170 1455 2198 ,
1487 2126 1578 2209 qui
1597 2153 1717 2191 cum
1735 2153 1859 2209 pre-

252 2217 412 2279 cibus
428 2217 540 2288 ejus
554 2212 812 2287 fatigatus
827 2211 1045 2269 tandem
1062 2215 1180 2269 voti
1196 2230 1314 2270 eum
1331 2213 1607 2273 damnaret
1622 2256 1639 2288 ,
1670 2216 1731 2280 id
1758 2213 1860 2273 fibi

250 2301 441 2363 statuit
457 2295 689 2374 epistolae
705 2311 1079 2372 argumentum
1092 2335 1111 2367 ‚
1138 2311 1199 2351 ut
1213 2294 1336 2368 salse
1350 2297 1647 2356 traduceret
1674 2297 1861 2357 homi--

253 2405 355 2445 nes
367 2376 762 2443 molestiffimos
779 2418 796 2451 ,
821 2380 913 2455 qui
929 2377 1271 2437 Praefationes
1286 2379 1595 2451 hujusmodi
1626 2382 1747 2439 viris
1760 2381 1880 2452 dog

252 2469 363 2526 stis
377 2455 716 2541 extorquent.
800 2465 990 2537 Longe
1016 2459 1376 2522 liberaliorem
1403 2463 1513 2521 hoc
1543 2467 1603 2520 in
1632 2468 1863 2542 negotio

251 2550 310 2610 se
327 2547 477 2627 geffit
496 2565 614 2604 non
647 2563 814 2602 nemo
828 2582 847 2613 ,
879 2547 971 2622 qui
999 2546 1219 2602 auctore
1245 2546 1421 2605 invito
1455 2550 1544 2623 δε,
1582 2551 1732 2628 quod
1748 2570 1862 2612 rem

252 2633 424 2714 ipsam
441 2627 514 2688 ob
530 2629 673 2700 loci,
704 2625 797 2684 ubi
815 2626 1406 2706 liberimprimebatur‚
1434 2630 1738 2692 distantiam
1755 2637 1862 2693 im·-

250 2717 439 2800 pedire
455 2708 791 2787 non‘poss‘et,
846 2713 1077 2786 graviter
1109 2710 1291 2770 saltem
1322 2714 1673 2790 indignante,
1719 2720 1864 2780 Dia-

254 2798 439 2861 triben
469 2792 940 2855 lucubrationibus
982 2796 1093 2866 ejus
1123 2794 1365 2871 praemifit
1408 2801 1866 2859 commendatori-

249 2905 349 2945 am
364 2924 382 2956 ‚
429 2898 684 2959 eamque,
728 2896 793 2935 ut
823 2875 1003 2935 obiter
1029 2877 1084 2936 id
1106 2878 1301 2937 addam
1318 2920 1335 2947 ‚
1386 2882 1520 2938 Viro
1538 2882 1786 2962 inscripsit
1805 2881 1868 2943 i'n

248 2964 392 3029 orbe
407 2965 626 3024 literato
644 2962 810 3038 longe
829 2957 1182 3018 celeberrimo
1198 3001 1216 3032 ‚
1250 2964 1344 3040 qui
1361 2961 1430 3021 ad
1444 2962 1570 3023 libri
1599 2969 1869 3028 nominis-

249 3070 364 3134 que
381 3048 560 3126 ignoti
577 3043 925 3122 conspectum
947 3041 1191 3123 quaefiiss‘e
1204 3044 1400 3103 fertur:
1921 3045 1924 3048 ’

338 3130 539 3213 Qalis
555 3125 622 3190 δ’
633 3128 771 3184 unde
783 3147 940 3205 genus
957 3168 975 3200 ,
1006 3127 1210 3207 q‘uisim
1228 3127 1327 3186 tibi
1343 3169 1363 3198 ,
1390 3132 1532 3211 Jane
1545 3173 1562 3205 ‚
1575 3144 1787 3205 penates
1802 3131 1832 3186 ?

249 3233 422 3295 atque
436 3215 660 3273 miratus
675 3208 775 3269 effe
794 3210 1020 3286 dicitur,
1067 3208 1119 3269 se
1157 3210 1373 3286 homini,
1407 3230 1520 3269 tam
1550 3210 1872 3273 familiarem

251 3297 379 3362 effe.
424 3302 624 3355 KENn.
696 3331 701 3336 -
1881 3351 1889 3362 ,

347 3378 806 3462 Composuerunt.]
840 3380 900 3436 Si
921 3374 1150 3461 gloriam
1169 3375 1695 3460 magnitudinemque
1706 3369 1880 3449 fhmae
